<record><leader>00000cas a22000007a 4500</leader><controlfield tag="001">35366241</controlfield><controlfield tag="008">960905d1919195uokuwr n       0    0eng d</controlfield><datafield ind1=" " ind2=" " tag="010"><subfield code="a">sn 96093931 </subfield></datafield><datafield ind1=" " ind2=" " tag="040"><subfield code="a">OBN</subfield><subfield code="b">eng</subfield><subfield code="c">OBN</subfield><subfield code="d">OCLCQ</subfield><subfield code="d">OCLCF</subfield><subfield code="d">OCLCO</subfield></datafield><datafield ind1="1" ind2=" " tag="029"><subfield code="a">AU@</subfield><subfield code="b">000012845409</subfield></datafield><datafield ind1=" " ind2=" " tag="042"><subfield code="a">msc</subfield></datafield><datafield ind1=" " ind2=" " tag="043"><subfield code="a">n-us-ok</subfield></datafield><datafield ind1="0" ind2=" " tag="130"><subfield code="a">Mayes County democrat (Pryor, Okla. : 1919)</subfield></datafield><datafield ind1="1" ind2="0" tag="245"><subfield code="a">Mayes County democrat.</subfield></datafield><datafield ind1=" " ind2=" " tag="260"><subfield code="a">Pryor, Okla. :</subfield><subfield code="b">Democrat Pub. Co.</subfield></datafield><datafield ind1=" " ind2=" " tag="300"><subfield code="a">v.</subfield></datafield><datafield ind1=" " ind2=" " tag="310"><subfield code="a">Weekly,</subfield><subfield code="b">Sep. 5, 1935-</subfield></datafield><datafield ind1=" " ind2=" " tag="321"><subfield code="a">Semiweekly,</subfield><subfield code="b">May 21-Aug. 29, 1935</subfield></datafield><datafield ind1=" " ind2=" " tag="321"><subfield code="a">Weekly,</subfield><subfield code="b">Jan. 23, 1919-May 16, 1935</subfield></datafield><datafield ind1="0" ind2=" " tag="362"><subfield code="a">Vol. 6, no. 37 (Jan. 23, 1919)-</subfield></datafield><datafield ind1=" " ind2=" " tag="580"><subfield code="a">Daily eds.: Daily Mayes County democrat, 1938-June 1, 1941, and: Daily times-democrat (Pryor, Okla.).</subfield></datafield><datafield ind1=" " ind2=" " tag="580"><subfield code="a">Issued with: Mayes County republican (Pryor, Okla. : 1936), Oct. 15-29, 1936.</subfield></datafield><datafield ind1=" " ind2="0" tag="651"><subfield code="a">Pryor (Okla.)</subfield><subfield code="v">Newspapers.</subfield></datafield><datafield ind1=" " ind2="0" tag="651"><subfield code="a">Mayes County (Okla.)</subfield><subfield code="v">Newspapers.</subfield></datafield><datafield ind1=" " ind2="7" tag="655"><subfield code="a">Newspapers.</subfield><subfield code="2">fast</subfield><subfield code="0">(OCoLC)fst01423814</subfield></datafield><datafield ind1=" " ind2="7" tag="651"><subfield code="a">Oklahoma</subfield><subfield code="z">Mayes County.</subfield><subfield code="2">fast</subfield><subfield code="0">(OCoLC)fst01218453</subfield></datafield><datafield ind1=" " ind2="7" tag="651"><subfield code="a">Oklahoma</subfield><subfield code="z">Pryor.</subfield><subfield code="2">fast</subfield><subfield code="0">(OCoLC)fst01220765</subfield></datafield><datafield ind1=" " ind2=" " tag="752"><subfield code="a">United States</subfield><subfield code="b">Oklahoma</subfield><subfield code="c">Mayes</subfield><subfield code="d">Pryor.</subfield></datafield><datafield ind1="0" ind2=" " tag="775"><subfield code="t">Daily Mayes County democrat</subfield><subfield code="w">(DLC)sn 96093932</subfield><subfield code="w">(OCoLC)35366438</subfield></datafield><datafield ind1="0" ind2=" " tag="775"><subfield code="t">Pryor daily democrat</subfield><subfield code="w">(DLC)sn 96093943</subfield><subfield code="w">(OCoLC)35369318</subfield></datafield><datafield ind1="0" ind2=" " tag="777"><subfield code="t">Mayes County republican (Pryor, Okla. : 1936)</subfield><subfield code="w">(DLC)sn 96093085</subfield><subfield code="w">(OCoLC)35769648</subfield></datafield><datafield ind1="0" ind2="0" tag="780"><subfield code="t">Salina herald (Salina, Okla. : 1913)</subfield><subfield code="w">(DLC)sn 96093930</subfield><subfield code="w">(OCoLC)35366155</subfield></datafield></record>